<?xml version="1.0" encoding="UTF-8"?><collection xmlns="http://www.loc.gov/MARC21/slim"><record><leader>00406nam--2200145-i-4500</leader><controlfield tag="001">000029567</controlfield><controlfield tag="002">20161230</controlfield><controlfield tag="005">20170210205457</controlfield><controlfield tag="008">060222s1000------------r-----000-0-eng-d</controlfield><datafield ind1=" " ind2=" " tag="245"><subfield code="a">Lecture notes in mathematics. Vol.140: Lectures in modern analysis and appl. II</subfield></datafield><datafield ind1=" " ind2=" " tag="260"><subfield code="a">Berlin</subfield><subfield code="b">Springer-Verlag</subfield><subfield code="c">1970</subfield></datafield><datafield ind1=" " ind2=" " tag="490"><subfield code="v">Vol.140</subfield></datafield><datafield ind1=" " ind2=" " tag="700"><subfield code="a">Taam, C.T</subfield></datafield><datafield ind1=" " ind2=" " tag="852"><subfield code="a">77612</subfield><subfield code="c">517</subfield></datafield><datafield ind1=" " ind2=" " tag="CAT"><subfield code="a">SYS</subfield><subfield code="c">20170210</subfield><subfield code="h">205457</subfield></datafield></record></collection>